@article{harrison2014kiloparsec,
  title={Kiloparsec-scale outflows are prevalent among luminous AGN: outflows and feedback in the context of the overall AGN population},
  author={Harrison, CM and Alexander, DM and Mullaney, JR and Swinbank, AM},
  journal={Monthly Notices of the Royal Astronomical Society},
  volume={441},
  number={4},
  pages={3306--3347},
  year={2014},
  publisher={Oxford University Press}}
  @article{rodriguez2013importance,
  title={The importance of warm, AGN-driven outflows in the nuclear regions of nearby ULIRGs},
  author={Rodrguez Zaurn, J and Tadhunter, CN and Rose, M and Holt, J},
  journal={Monthly Notices of the Royal Astronomical Society},
  volume={432},
  number={1},
  pages={138--166},
  year={2013},
  publisher={Oxford University Press}}
  @article{emonts2019cold,
  title={The Cold Circumgalactic Environment of MAMMOTH-I: Dynamically Cold Gas in the Core of an Enormous Ly$\alpha$ Nebula},
  author={Emonts, Bjorn HC and Cai, Zheng and Prochaska, J Xavier and Li, Qiong and Lehnert, Matthew D},
  journal={The Astrophysical Journal},
  volume={887},
  number={1},
  pages={86},
  year={2019},
  publisher={IOP Publishing}}
  @article{storey1995recombination,
  title={Recombination line intensities for hydrogenic ions-IV. Total recombination coefficients and machine-readable tables for Z= 1 to 8},
  author={Storey, PJ and Hummer, DG},
  journal={Monthly Notices of the Royal Astronomical Society},
  volume={272},
  number={1},
  pages={41--48},
  year={1995},
  publisher={Oxford University Press Oxford, UK}}
  @article{Johnson_2015,
   title={On the origin of excess cool gas in quasar host haloes},
   volume={452},
   ISSN={1365-2966},
   url={http://dx.doi.org/10.1093/mnras/stv1481},
   DOI={10.1093/mnras/stv1481},
   number={3},
   journal={Monthly Notices of the Royal Astronomical Society},
   publisher={Oxford University Press (OUP)},
   author={Johnson, Sean D. and Chen, Hsiao-Wen and Mulchaey, John S.},
   year={2015},
   month={Jul},
   pages={2553–2565}}
  @article{cai2017discovery,
  title={Discovery of an Enormous Ly$\alpha$ Nebula in a Massive Galaxy Overdensity at z= 2.3},
  author={Cai, Zheng and Fan, Xiaohui and Yang, Yujin and Bian, Fuyan and Prochaska, J Xavier and Zabludoff, Ann and McGreer, Ian and Zheng, Zhen-Ya and Green, Richard and Cantalupo, Sebastiano and others},
  journal={The Astrophysical Journal},
  volume={837},
  number={1},
  pages={71},
  year={2017},
  publisher={IOP Publishing}}
  @article{heckman1990nature,
  title={On the nature and implications of starburst-driven galactic superwinds},
  author={Heckman, Timothy M and Armus, Lee and Miley, George K and others},
  journal={Astrophysical Journal Supplement Series},
  volume={74},
  pages={833},
  year={1990}}
  @article{arrigoni2018qso,
  title={QSO MUSEUM I: a sample of 61 extended Ly $\alpha$-emission nebulae surrounding z~ 3 quasars},
  author={Arrigoni Battaia, Fabrizio and Hennawi, Joseph F and Prochaska, J Xavier and O{\~n}orbe, Jose and Farina, Emanuele P and Cantalupo, Sebastiano and Lusso, Elisabeta},
  journal={Monthly Notices of the Royal Astronomical Society},
  volume={482},
  number={3},
  pages={3162--3205},
  year={2018},
  publisher={Oxford University Press}}
  @article{kennicutt1998star,
  title={Star formation in galaxies along the Hubble sequence},
  author={Kennicutt Jr, Robert C},
  journal={Annual Review of Astronomy and Astrophysics},
  volume={36},
  number={1},
  pages={189--231},
  year={1998},
  publisher={Annual Reviews 4139 El Camino Way, PO Box 10139, Palo Alto, CA 94303-0139, USA}}
  @article{zubovas2018agn,
  title={AGN must be very efficient at powering outflows},
  author={Zubovas, Kastytis},
  journal={Monthly Notices of the Royal Astronomical Society},
  volume={479},
  number={3},
  pages={3189--3196},
  year={2018},
  publisher={Oxford University Press}}
  @article{shankar2006new,
  title={New relationships between galaxy properties and host halo mass, and the role of feedbacks in galaxy formation},
  author={Shankar, Francesco and Lapi, A and Salucci, P and De Zotti, G and Danese, L},
  journal={The Astrophysical Journal},
  volume={643},
  number={1},
  pages={14},
  year={2006},
  publisher={IOP Publishing}}
  @article{Li_2020,
   title={Simple Yet Powerful: Hot Galactic Outflows Driven by Supernovae},
   volume={890},
   ISSN={2041-8213},
   url={http://dx.doi.org/10.3847/2041-8213/ab7304},
   DOI={10.3847/2041-8213/ab7304},
   number={2},
   journal={The Astrophysical Journal},
   publisher={American Astronomical Society},
   author={Li, Miao and Bryan, Greg L.},
   year={2020},
   month={Feb},
   pages={L30}}
  @article{tombesi2013unification,
  title={Unification of X-ray winds in Seyfert galaxies: from ultra-fast outflows to warm absorbers},
  author={Tombesi, Francesco and Cappi, M and Reeves, JN and Nemmen, RS and Braito, V and Gaspari, M and Reynolds, CS},
  journal={Monthly Notices of the Royal Astronomical Society},
  volume={430},
  number={2},
  pages={1102--1117},
  year={2013},
  publisher={Oxford University Press}}
  @article{Faucher_Gigu_re_2016,
   title={A stellar feedback origin for neutral hydrogen in high-redshift quasar-mass haloes},
   volume={461},
   ISSN={1745-3933},
   url={http://dx.doi.org/10.1093/mnrasl/slw091},
   DOI={10.1093/mnrasl/slw091},
   number={1},
   journal={Monthly Notices of the Royal Astronomical Society: Letters},
   publisher={Oxford University Press (OUP)},
   author={Faucher-Giguère, Claude-André and Feldmann, Robert and Quataert, Eliot and Kereš, Dušan and Hopkins, Philip F. and Murray, Norman},
   year={2016},
   month={May},
   pages={L32–L36}}
  @article{Lau_2016,
   title={QUASARS PROBING QUASARS. VIII. THE PHYSICAL PROPERTIES OF THE COOL CIRCUMGALACTIC MEDIUM SURROUNDING
                    z
                    ∼ 2–3 MASSIVE GALAXIES HOSTING QUASARS},
   volume={226},
   ISSN={1538-4365},
   url={http://dx.doi.org/10.3847/0067-0049/226/2/25},
   DOI={10.3847/0067-0049/226/2/25},
   number={2},
   journal={The Astrophysical Journal Supplement Series},
   publisher={American Astronomical Society},
   author={Lau, Marie Wingyee and Prochaska, J. Xavier and Hennawi, Joseph F.},
   year={2016},
   month={Oct},
   pages={25}}
  @article{Heckman2016The,
  title={The Implications of Extreme Outflows from Extreme Starbursts},
  author={Heckman, Timothy M. and Borthakur, Sanchayeeta},
  journal={Astrophysical Journal},
  volume={822},
  number={1},
  pages={9},
  year={2016}}
  @article{Hennawi_2013,
   title={QUASARS PROBING QUASARS. IV. JOINT CONSTRAINTS ON THE CIRCUMGALACTIC MEDIUM FROM ABSORPTION AND EMISSION},
   volume={766},
   ISSN={1538-4357},
   url={http://dx.doi.org/10.1088/0004-637X/766/1/58},
   DOI={10.1088/0004-637x/766/1/58},
   number={1},
   journal={The Astrophysical Journal},
   publisher={IOP Publishing},
   author={Hennawi, Joseph F. and Prochaska, J. Xavier},
   year={2013},
   month={Mar},
   pages={58}}
  @article{treister2010major,
  title={Major galaxy mergers and the growth of supermassive black holes in quasars},
  author={Treister, Ezequiel and Natarajan, Priyamvada and Sanders, David B and Urry, C Megan and Schawinski, Kevin and Kartaltepe, Jeyhan},
  journal={Science},
  volume={328},
  number={5978},
  pages={600--602},
  year={2010},
  publisher={American Association for the Advancement of Science}}
  @article{harrison2018agn,
  title={AGN outflows and feedback twenty years on},
  author={Harrison, CM and Costa, T and Tadhunter, CN and Fl{\"u}tsch, A and Kakkad, D and Perna, M and Vietri, G},
  journal={Nature Astronomy},
  volume={2},
  number={3},
  pages={198--205},
  year={2018},
  publisher={Nature Publishing Group}}
  @article{Prochaska_2013,
   title={QUASARS PROBING QUASARS. VI. EXCESS H I ABSORPTION WITHIN ONE PROPER Mpc OFz∼ 2 QUASARS},
   volume={776},
   ISSN={1538-4357},
   url={http://dx.doi.org/10.1088/0004-637X/776/2/136},
   DOI={10.1088/0004-637x/776/2/136},
   number={2},
   journal={The Astrophysical Journal},
   publisher={IOP Publishing},
   author={Prochaska, J. Xavier and Hennawi, Joseph F. and Lee, Khee-Gan and Cantalupo, Sebastiano and Bovy, Jo and Djorgovski, S. G. and Ellison, Sara L. and Lau, Marie Wingyee and Martin, Crystal L. and Myers, Adam and et al.},
   year={2013},
   month={Oct},
   pages={136}}
  @article{Cantalupo_2017,
   title={Gas Accretion and Giant Lyα Nebulae},
   ISBN={9783319525129},
   ISSN={2214-7985},
   url={http://dx.doi.org/10.1007/978-3-319-52512-9_9},
   DOI={10.1007/978-3-319-52512-9_9},
   journal={Astrophysics and Space Science Library},
   publisher={Springer International Publishing},
   author={Cantalupo, Sebastiano},
   year={2017},
   pages={195–220}}
  @article{cai2015mapping,
  title={MApping the Most Massive Overdensities Through Hydrogen (MAMMOTH) I: Methodology},
  author={Cai, Zheng and Fan, Xiaohui and Peirani, Sebastien and Bian, Fuyan and Frye, Brenda and McGreer, Ian and Prochaska, J Xavier and Lau, Marie Wingyee and Tejos, Nicolas and Ho, Shirley and others},
  journal={arXiv preprint arXiv:1512.06859},
  year={2015}}
  @article{sturm2011massive,
  title={Massive molecular outflows and negative feedback in ULIRGs observed by Herschel-PACS},
  author={Sturm, E and Gonz{\'a}lez-Alfonso, E and Veilleux, S and Fischer, J and Graci{\'a}-Carpio, J and Hailey-Dunsheath, S and Contursi, A and Poglitsch, A and Sternberg, A and Davies, R and others},
  journal={The Astrophysical Journal Letters},
  volume={733},
  number={1},
  pages={L16},
  year={2011},
  publisher={IOP Publishing}}
  @article{cicone2015very,
  title={Very extended cold gas, star formation and outflows in the halo of a bright quasar at z> 6},
  author={Cicone, C and Maiolino, R and Gallerani, S and Neri, R and Ferrara, A and Sturm, E and Fiore, F and Piconcelli, E and Feruglio, C},
  journal={Astronomy \& Astrophysics},
  volume={574},
  pages={A14},
  year={2015},
  publisher={EDP Sciences}}
  @article{Cantalupo_2014,
   title={A cosmic web filament revealed in Lyman-α emission around a luminous high-redshift quasar},
   volume={506},
   ISSN={1476-4687},
   url={http://dx.doi.org/10.1038/nature12898},
   DOI={10.1038/nature12898},
   number={7486},
   journal={Nature},
   publisher={Springer Science and Business Media LLC},
   author={Cantalupo, Sebastiano and Arrigoni-Battaia, Fabrizio and Prochaska, J. Xavier and Hennawi, Joseph F. and Madau, Piero},
   year={2014},
   month={Jan},
   pages={63–66}}
  @article{churazov2005supermassive,
  title={Supermassive black holes in elliptical galaxies: switching from very bright to very dim},
  author={Churazov, Eugene and Sazonov, S and Sunyaev, R and Forman, W and Jones, C and B{\"o}hringer, H},
  journal={Monthly Notices of the Royal Astronomical Society: Letters},
  volume={363},
  number={1},
  pages={L91--L95},
  year={2005},
  publisher={Blackwell Science Ltd Oxford, UK}}
  @article{Leibler_2018,
   title={The detection of intergalactic H α emission from the Slug Nebula at z ∼ 2.3},
   volume={480},
   ISSN={1365-2966},
   url={http://dx.doi.org/10.1093/mnras/sty1764},
   DOI={10.1093/mnras/sty1764},
   number={2},
   journal={Monthly Notices of the Royal Astronomical Society},
   publisher={Oxford University Press (OUP)},
   author={Leibler, Camille N and Cantalupo, Sebastiano and Holden, Bradford P and Madau, Piero},
   year={2018},
   month={Jul},
   pages={2094–2108}}
  @article{bower2006breaking,
  title={Breaking the hierarchy of galaxy formation},
  author={Bower, Richard G and Benson, AJ and Malbon, R and Helly, JC and Frenk, CS and Baugh, CM and Cole, Shaun and Lacey, Cedric G},
  journal={Monthly Notices of the Royal Astronomical Society},
  volume={370},
  number={2},
  pages={645--655},
  year={2006},
  publisher={Blackwell Publishing Ltd Oxford, UK}}
  @article{mccarthy2011gas,
  title={Gas expulsion by quasar-driven winds as a solution to the overcooling problem in galaxy groups and clusters},
  author={McCarthy, Ian G and Schaye, Joop and Bower, Richard G and Ponman, Trevor J and Booth, Craig M and Vecchia, C Dalla and Springel, Volker},
  journal={Monthly Notices of the Royal Astronomical Society},
  volume={412},
  number={3},
  pages={1965--1984},
  year={2011},
  publisher={Blackwell Publishing Ltd Oxford, UK}}
  @article{croton2006many,
  title={The many lives of active galactic nuclei: cooling flows, black holes and the luminosities and colours of galaxies},
  author={Croton, Darren J and Springel, Volker and White, Simon DM and De Lucia, Gabriella and Frenk, Carlos S and Gao, Liang and Jenkins, Adrian and Kauffmann, Guinevere and Navarro, JF and Yoshida, Naoki},
  journal={Monthly Notices of the Royal Astronomical Society},
  volume={365},
  number={1},
  pages={11--28},
  year={2006},
  publisher={Blackwell Science Ltd Oxford, UK}}
  @article{somerville2008semi,
  title={A semi-analytic model for the co-evolution of galaxies, black holes and active galactic nuclei},
  author={Somerville, Rachel S and Hopkins, Philip F and Cox, Thomas J and Robertson, Brant E and Hernquist, Lars},
  journal={Monthly Notices of the Royal Astronomical Society},
  volume={391},
  number={2},
  pages={481--506},
  year={2008},
  publisher={Blackwell Publishing Ltd Oxford, UK}}
  @article{benson2003shapes,
  title={What shapes the luminosity function of galaxies?},
  author={Benson, AJ and Bower, RG and Frenk, CS and Lacey, Cedric G and Baugh, CM and Cole, Shaun},
  journal={The Astrophysical Journal},
  volume={599},
  number={1},
  pages={38},
  year={2003},
  publisher={IOP Publishing}}
  @article{hopkins2006normalization,
  title={On the normalization of the cosmic star formation history},
  author={Hopkins, Andrew M and Beacom, John F},
  journal={The Astrophysical Journal},
  volume={651},
  number={1},
  pages={142},
  year={2006},
  publisher={IOP Publishing}}
  @article{debuhr2012galaxy,
  title={Galaxy-scale outflows driven by active galactic nuclei},
  author={DeBuhr, Jackson and Quataert, Eliot and Ma, Chung-Pei},
  journal={Monthly Notices of the Royal Astronomical Society},
  volume={420},
  number={3},
  pages={2221--2231},
  year={2012},
  publisher={Blackwell Publishing Ltd Oxford, UK}}
  @article{fabian1999obscured,
  title={The obscured growth of massive black holes},
  author={Fabian, AC},
  journal={Monthly Notices of the Royal Astronomical Society},
  volume={308},
  number={4},
  pages={L39--L43},
  year={1999},
  publisher={Blackwell Science Ltd Oxford, UK}}
  @article{granato2004physical,
  title={A physical model for the coevolution of QSOs and their spheroidal hosts},
  author={Granato, Gian Luigi and De Zotti, Gianfranco and Silva, Laura and Bressan, Alessandro and Danese, Luigi},
  journal={The Astrophysical Journal},
  volume={600},
  number={2},
  pages={580},
  year={2004},
  publisher={IOP Publishing}}
  @article{king2011large,
  title={Large-scale outflows in galaxies},
  author={King, AR and Zubovas, K and Power, C},
  journal={Monthly Notices of the Royal Astronomical Society: Letters},
  volume={415},
  number={1},
  pages={L6--L10},
  year={2011},
  publisher={Blackwell Science Ltd Oxford, UK}}
  @article{faucher2012physics,
  title={The physics of galactic winds driven by active galactic nuclei},
  author={Faucher-Gigu{\`e}re, Claude-Andr{\'e} and Quataert, Eliot},
  journal={Monthly Notices of the Royal Astronomical Society},
  volume={425},
  number={1},
  pages={605--622},
  year={2012},
  publisher={Blackwell Science Ltd Oxford, UK}}
  @article{borgani2008chemical,
  title={The chemical enrichment of the ICM from hydrodynamical simulations},
  author={Borgani, Stefano and Fabjan, D and Tornatore, L and Schindler, S and Dolag, K and Diaferio, Antonaldo},
  journal={Space Science Reviews},
  volume={134},
  number={1-4},
  pages={379--403},
  year={2008},
  publisher={Springer}}
  @article{wiersma2009chemical,
  title={Chemical enrichment in cosmological, smoothed particle hydrodynamics simulations},
  author={Wiersma, Robert PC and Schaye, Joop and Theuns, Tom and Dalla Vecchia, Claudio and Tornatore, Luca},
  journal={Monthly Notices of the Royal Astronomical Society},
  volume={399},
  number={2},
  pages={574--600},
  year={2009},
  publisher={Blackwell Publishing Ltd Oxford, UK}}
  @article{fabjan2010simulating,
  title={Simulating the effect of active galactic nuclei feedback on the metal enrichment of galaxy clusters},
  author={Fabjan, D and Borgani, Stefano and Tornatore, Luca and Saro, Alexandro and Murante, G and Dolag, K},
  journal={Monthly Notices of the Royal Astronomical Society},
  volume={401},
  number={3},
  pages={1670--1690},
  year={2010},
  publisher={Blackwell Publishing Ltd Oxford, UK}}
  @article{ciotti2010feedback,
  title={Feedback from central black holes in elliptical galaxies. III. Models with both radiative and mechanical feedback},
  author={Ciotti, Luca and Ostriker, Jeremiah P and Proga, Daniel},
  journal={The Astrophysical Journal},
  volume={717},
  number={2},
  pages={708},
  year={2010},
  publisher={IOP Publishing}}
  @article{nayakshin2012quasar,
  title={Quasar feedback: accelerated star formation and chaotic accretion},
  author={Nayakshin, Sergei and Zubovas, Kastytis},
  journal={Monthly Notices of the Royal Astronomical Society},
  volume={427},
  number={1},
  pages={372--378},
  year={2012},
  publisher={The Royal Astronomical Society}}
  @article{ishibashi2012active,
  title={Active galactic nucleus feedback and triggering of star formation in galaxies},
  author={Ishibashi, W and Fabian, AC},
  journal={Monthly Notices of the Royal Astronomical Society},
  volume={427},
  number={4},
  pages={2998--3005},
  year={2012},
  publisher={Blackwell Science Ltd Oxford, UK}}
  @article{silk2013unleashing,
  title={Unleashing positive feedback: linking the rates of star formation, supermassive black hole accretion, and outflows in distant galaxies},
  author={Silk, Joseph},
  journal={The Astrophysical Journal},
  volume={772},
  number={2},
  pages={112},
  year={2013},
  publisher={IOP Publishing}}
  @article{nesvadba2008evidence,
  title={Evidence for powerful AGN winds at high redshift: dynamics of galactic outflows in radio galaxies during the “Quasar Era”},
  author={Nesvadba, NPH and Lehnert, MD and De Breuck, C and Gilbert, AM and Van Breugel, W},
  journal={Astronomy \& Astrophysics},
  volume={491},
  number={2},
  pages={407--424},
  year={2008},
  publisher={EDP Sciences}}
  @article{wang2011evolution,
  title={EVOLUTION OF [O III] $\lambda$5007 EMISSION-LINE PROFILES IN NARROW EMISSION-LINE GALAXIES},
  author={Wang, J and Mao, YF and Wei, JY},
  journal={The Astrophysical Journal},
  volume={741},
  number={1},
  pages={50},
  year={2011},
  publisher={IOP Publishing}}
  @article{Ciotti_2017,
   title={THE EFFECT OF AGN FEEDBACK ON THE INTERSTELLAR MEDIUM OF EARLY-TYPE GALAXIES: 2D HYDRODYNAMICAL SIMULATIONS OF THE LOW-ROTATION CASE},
   volume={835},
   ISSN={1538-4357},
   url={http://dx.doi.org/10.3847/1538-4357/835/1/15},
   DOI={10.3847/1538-4357/835/1/15},
   number={1},
   journal={The Astrophysical Journal},
   publisher={American Astronomical Society},
   author={Ciotti, Luca and Pellegrini, Silvia and Negri, Andrea and Ostriker, Jeremiah P.},
   year={2017},
   month={Jan},
   pages={15}}
  @article{mullaney2013narrow,
  title={Narrow-line region gas kinematics of 24 264 optically selected AGN: the radio connection},
  author={Mullaney, JR and Alexander, DM and Fine, S and Goulding, AD and Harrison, CM and Hickox, RC},
  journal={Monthly Notices of the Royal Astronomical Society},
  volume={433},
  number={1},
  pages={622--638},
  year={2013},
  publisher={The Royal Astronomical Society}}
  @article{rupke2019100,
  title={A 100-kiloparsec wind feeding the circumgalactic medium of a massive compact galaxy},
  author={Rupke, David SN and Coil, Alison and Geach, James E and Tremonti, Christy and Diamond-Stanic, Aleksandar M and George, Erin R and Hickox, Ryan C and Kepley, Amanda A and Leung, Gene and Moustakas, John and others},
  journal={Nature},
  volume={574},
  number={7780},
  pages={643--646},
  year={2019},
  publisher={Nature Publishing Group}}
  @article{Hirschmann_2014,
   title={Cosmological simulations of black hole growth: AGN luminosities and downsizing},
   volume={442},
   ISSN={1365-2966},
   url={http://dx.doi.org/10.1093/mnras/stu1023},
   DOI={10.1093/mnras/stu1023},
   number={3},
   journal={Monthly Notices of the Royal Astronomical Society},
   publisher={Oxford University Press (OUP)},
   author={Hirschmann, M. and Dolag, K. and Saro, A. and Bachmann, L. and Borgani, S. and Burkert, A.},
   year={2014},
   month={Jun},
   pages={2304–2324}}
  @article{Booth_2009,
   title={Cosmological simulations of the growth of supermassive black holes and feedback from active galactic nuclei: method and tests},
   volume={398},
   ISSN={1365-2966},
   url={http://dx.doi.org/10.1111/j.1365-2966.2009.15043.x},
   DOI={10.1111/j.1365-2966.2009.15043.x},
   number={1},
   journal={Monthly Notices of the Royal Astronomical Society},
   publisher={Oxford University Press (OUP)},
   author={Booth, C. M. and Schaye, Joop},
   year={2009},
   month={Sep},
   pages={53–74}}
   @article{Ostriker_2010,
   title={MOMENTUM DRIVING: WHICH PHYSICAL PROCESSES DOMINATE ACTIVE GALACTIC NUCLEUS FEEDBACK?},
   volume={722},
   ISSN={1538-4357},
   url={http://dx.doi.org/10.1088/0004-637X/722/1/642},
   DOI={10.1088/0004-637x/722/1/642},
   number={1},
   journal={The Astrophysical Journal},
   publisher={IOP Publishing},
   author={Ostriker, Jeremiah P. and Choi, Ena and Ciotti, Luca and Novak, Gregory S. and Proga, Daniel},
   year={2010},
   month={Sep},
   pages={642–652}}
  @article{schmidt1983quasar,
  title={Quasar evolution derived from the Palomar bright quasar survey and other complete quasar surveys},
  author={Schmidt, M and Green, RF},
  journal={The Astrophysical Journal},
  volume={269},
  pages={352--374},
  year={1983}}
  @article{richards2006sloan,
  title={The sloan digital sky survey quasar survey: Quasar luminosity function from data release 3},
  author={Richards, Gordon T and Strauss, Michael A and Fan, Xiaohui and Hall, Patrick B and Jester, Sebastian and Schneider, Donald P and Berk, Daniel E Vanden and Stoughton, Chris and Anderson, Scott F and Brunner, Robert J and others},
  journal={The Astronomical Journal},
  volume={131},
  number={6},
  pages={2766},
  year={2006},
  publisher={IOP Publishing}}
  @article{Sijacki_2007,
   title={A unified model for AGN feedback in cosmological simulations of structure formation},
   volume={380},
   ISSN={0035-8711},
   url={http://dx.doi.org/10.1111/j.1365-2966.2007.12153.x},
   DOI={10.1111/j.1365-2966.2007.12153.x},
   number={3},
   journal={Monthly Notices of the Royal Astronomical Society},
   publisher={Oxford University Press (OUP)},
   author={Sijacki, Debora and Springel, Volker and Di Matteo, Tiziana and Hernquist, Lars},
   year={2007},
   month={Aug},
   pages={877–900}}
  @article{chapman2005redshift,
  title={A redshift survey of the submillimeter galaxy population},
  author={Chapman, Scott C and Blain, AW and Smail, Ian and Ivison, RJ},
  journal={The Astrophysical Journal},
  volume={622},
  number={2},
  pages={772},
  year={2005},
  publisher={IOP Publishing}}
  @article{wardlow2011laboca,
  title={The LABOCA survey of the Extended Chandra Deep Field-South: a photometric redshift survey of submillimetre galaxies},
  author={Wardlow, Julie L and Smail, Ian and Coppin, KEK and Alexander, DM and Brandt, William Nielsen and Danielson, ALR and Luo, B and Swinbank, AM and Walter, F and Wei{\ss}, A and others},
  journal={Monthly Notices of the Royal Astronomical Society},
  volume={415},
  number={2},
  pages={1479--1508},
  year={2011},
  publisher={Blackwell Publishing Ltd Oxford, UK}}
  @article{Ciotti_2007,
   title={Radiative Feedback from Massive Black Holes in Elliptical Galaxies: AGN Flaring and Central Starburst Fueled by Recycled Gas},
   volume={665},
   ISSN={1538-4357},
   url={http://dx.doi.org/10.1086/519833},
   DOI={10.1086/519833},
   number={2},
   journal={The Astrophysical Journal},
   publisher={IOP Publishing},
   author={Ciotti, Luca and Ostriker, Jeremiah P.},
   year={2007},
   month={Aug},
   pages={1038–1056}}
  @article{madau1996high,
  title={High-redshift galaxies in the Hubble Deep Field: colour selection and star formation history to z~ 4},
  author={Madau, Piero and Ferguson, Henry C and Dickinson, Mark E and Giavalisco, Mauro and Steidel, Charles C and Fruchter, Andrew},
  journal={Monthly Notices of the Royal Astronomical Society},
  volume={283},
  number={4},
  pages={1388--1404},
  year={1996},
  publisher={Blackwell Science Ltd Oxford, UK}}
  @article{Di_Matteo_2005,
   title={Energy input from quasars regulates the growth and activity of black holes and their host galaxies},
   volume={433},
   ISSN={1476-4687},
   url={http://dx.doi.org/10.1038/nature03335},
   DOI={10.1038/nature03335},
   number={7026},
   journal={Nature},
   publisher={Springer Science and Business Media LLC},
   author={Di Matteo, Tiziana and Springel, Volker and Hernquist, Lars},
   year={2005},
   month={Feb},
   pages={604–607}}
  @article{lilly1999canada,
  title={The Canada-United Kingdom deep submillimeter survey. II. First identifications, redshifts, and implications for galaxy evolution},
  author={Lilly, Simon J and Eales, Stephen A and Gear, Walter KP and Hammer, Fran{\c{c}}ois and Le F{\`e}vre, Olivier and Crampton, David and Bond, J Richard and Dunne, Loretta},
  journal={The Astrophysical Journal},
  volume={518},
  number={2},
  pages={641},
  year={1999},
  publisher={IOP Publishing}}
  @article{Springel_2005,
   title={Modelling feedback from stars and black holes in galaxy mergers},
   volume={361},
   ISSN={1365-2966},
   url={http://dx.doi.org/10.1111/j.1365-2966.2005.09238.x},
   DOI={10.1111/j.1365-2966.2005.09238.x},
   number={3},
   journal={Monthly Notices of the Royal Astronomical Society},
   publisher={Oxford University Press (OUP)},
   author={Springel, Volker and Di Matteo, Tiziana and Hernquist, Lars},
   year={2005},
   month={Aug},
   pages={776–794}}
  @article{madau2014cosmic,
  title={Cosmic star-formation history},
  author={Madau, Piero and Dickinson, Mark},
  journal={Annual Review of Astronomy and Astrophysics},
  volume={52},
  pages={415--486},
  year={2014},
  publisher={Annual Reviews}}
  @article{Zubovas_2012,
   title={CLEARING OUT A GALAXY},
   volume={745},
   ISSN={2041-8213},
   url={http://dx.doi.org/10.1088/2041-8205/745/2/L34},
   DOI={10.1088/2041-8205/745/2/l34},
   number={2},
   journal={The Astrophysical Journal},
   publisher={IOP Publishing},
   author={Zubovas, Kastytis and King, Andrew},
   year={2012},
   month={Jan},
   pages={L34}}
  @article{Sun_2017,
   title={Sizes and Kinematics of Extended Narrow-line Regions in Luminous Obscured AGN Selected by Broadband Images},
   volume={835},
   ISSN={1538-4357},
   url={http://dx.doi.org/10.3847/1538-4357/835/2/222},
   DOI={10.3847/1538-4357/835/2/222},
   number={2},
   journal={The Astrophysical Journal},
   publisher={American Astronomical Society},
   author={Sun, Ai-Lei and Greene, Jenny E. and Zakamska, Nadia L.},
   year={2017},
   month={Jan},
   pages={222}}
  @book{harrison2016observational,
  title={Observational constraints on the influence of active galactic nuclei on the evolution of galaxies},
  author={Harrison, Christopher Mark},
  year={2016},
  publisher={Springer}}
  @misc{fabian4114observational,
  title={Observational evidence of AGN feedback},
  author={Fabian, Andy},
  year={2012}
  journal={arXiv preprint arXiv:1204.4114},
  publisher={ARAA in press}}
  @article{cai2017mapping,
  title={Mapping the most massive overdensities through hydrogen (MAMMOTH). II. discovery of the extremely massive overdensity BOSS1441 at z= 2.32},
  author={Cai, Zheng and Fan, Xiaohui and Bian, Fuyan and Zabludoff, Ann and Yang, Yujin and Prochaska, J Xavier and McGreer, Ian and Zheng, Zhen-Ya and Kashikawa, Nobunari and Wang, Ran and others},
  journal={The Astrophysical Journal},
  volume={839},
  number={2},
  pages={131},
  year={2017},
  publisher={IOP Publishing}}
  @article{Fiore_2017,
   title={AGN wind scaling relations and the co-evolution of black  holes and galaxies},
   volume={601},
   ISSN={1432-0746},
   url={http://dx.doi.org/10.1051/0004-6361/201629478},
   DOI={10.1051/0004-6361/201629478},
   journal={Astronomy & Astrophysics},
   publisher={EDP Sciences},
   author={Fiore, F. and Feruglio, C. and Shankar, F. and Bischetti, M. and Bongiorno, A. and Brusa, M. and Carniani, S. and Cicone, C. and Duras, F. and Lamastra, A. and et al.},
   year={2017},
   month={May},
   pages={A143}}
  @article{Alexander_2010,
   title={Searching for evidence of energetic feedback in distant galaxies: a galaxy wide outflow in az ≈ 2ultraluminous infrared galaxy},
   volume={402},
   ISSN={1365-2966},
   url={http://dx.doi.org/10.1111/j.1365-2966.2009.16046.x},
   DOI={10.1111/j.1365-2966.2009.16046.x},
   number={4},
   journal={Monthly Notices of the Royal Astronomical Society},
   publisher={Oxford University Press (OUP)},
   author={Alexander, D. M. and Swinbank, A. M. and Smail, Ian and McDermid, R. and Nesvadba, N. P. H.},
   year={2010},
   month={Mar},
   pages={2211–2220}}
  @article{ivison2010far,
  title={The far-infrared/radio correlation as probed by Herschel},
  author={Ivison, RJ and Magnelli, B and Ibar, E and Andreani, P and Elbaz, D and Altieri, B and Amblard, A and Arumugam, V and Auld, R and Aussel, H and others},
  journal={Astronomy \& Astrophysics},
  volume={518},
  pages={L31},
  year={2010},
  publisher={EDP Sciences}}
  @article{Rupke_2011,
   title={INTEGRAL FIELD SPECTROSCOPY OF MASSIVE, KILOPARSEC-SCALE OUTFLOWS IN THE INFRARED-LUMINOUS QSO Mrk 231},
   volume={729},
   ISSN={2041-8213},
   url={http://dx.doi.org/10.1088/2041-8205/729/2/L27},
   DOI={10.1088/2041-8205/729/2/l27},
   number={2},
   journal={The Astrophysical Journal},
   publisher={IOP Publishing},
   author={Rupke, David S. N. and Veilleux, Sylvain},
   year={2011},
   month={Feb},
   pages={L27}}
  @article{arrigoni2018overdensity,
  title={Overdensity of submillimeter galaxies around the z≃ 2.3 MAMMOTH-1 nebula.},
  author={Arrigoni Battaia, F and Chen, Chian-Chou and Fumagalli, M and Cai, Zheng and Calistro Rivera, G and Xu, Jiachuan and Smail, I and Prochaska, JX and Yang, Yujin and De Breuck, C},
  journal={Astronomy \& astrophysics.},
  volume={620},
  pages={A202},
  year={2018},
  publisher={EDP Sciences}}
  @article{Morganti_2007,
   title={IC 5063: AGN driven outflow of warm and cold gas},
   volume={476},
   ISSN={1432-0746},
   url={http://dx.doi.org/10.1051/0004-6361:20077888},
   DOI={10.1051/0004-6361:20077888},
   number={2},
   journal={Astronomy & Astrophysics},
   publisher={EDP Sciences},
   author={Morganti, R. and Holt, J. and Saripalli, L. and Oosterloo, T. A. and Tadhunter, C. N.},
   year={2007},
   month={Sep},
   pages={735–743}}
  @article{Nesvadba_2011,
   title={The dynamics of the ionized and molecular interstellar medium in powerful obscured quasars at z≥ 3.5★},
   volume={415},
   ISSN={0035-8711},
   url={http://dx.doi.org/10.1111/j.1365-2966.2011.18862.x},
   DOI={10.1111/j.1365-2966.2011.18862.x},
   number={3},
   journal={Monthly Notices of the Royal Astronomical Society},
   publisher={Oxford University Press (OUP)},
   author={Nesvadba, N. P. H. and Polletta, M. and Lehnert, M. D. and Bergeron, J. and De Breuck, C. and Lagache, G. and Omont, A.},
   year={2011},
   month={Jun},
   pages={2359–2372}}
  @article{del2013goods,
  title={GOODS-Herschel: radio-excess signature of hidden AGN activity in distant star-forming galaxies},
  author={Del Moro, A and Alexander, DM and Mullaney, JR and Daddi, E and Pannella, M and Bauer, FE and Pope, A and Dickinson, M and Elbaz, D and Barthel, PD and others},
  journal={Astronomy \& Astrophysics},
  volume={549},
  pages={A59},
  year={2013},
  publisher={EDP Sciences}}
  @article{Nesvadba_2006,
   title={Extreme Gas Kinematics in thez = 2.2 Powerful Radio Galaxy MRC 1138−262: Evidence for Efficient Active Galactic Nucleus Feedback in the Early Universe?},
   volume={650},
   ISSN={1538-4357},
   url={http://dx.doi.org/10.1086/507266},
   DOI={10.1086/507266},
   number={2},
   journal={The Astrophysical Journal},
   publisher={IOP Publishing},
   author={Nesvadba, N. P. H. and Lehnert, M. D. and Eisenhauer, F. and Gilbert, A. and Tecza, M. and Abuter, R.},
   year={2006},
   month={Oct},
   pages={693–705}}
  @article{Toba_2019,
   title={A Wide and Deep Exploration of Radio Galaxies with Subaru HSC (WERGS). II. Physical Properties Derived from the SED Fitting with Optical, Infrared, and Radio Data},
   volume={243},
   ISSN={1538-4365},
   url={http://dx.doi.org/10.3847/1538-4365/ab238d},
   DOI={10.3847/1538-4365/ab238d},
   number={1},
   journal={The Astrophysical Journal Supplement Series},
   publisher={American Astronomical Society},
   author={Toba, Yoshiki and Yamashita, Takuji and Nagao, Tohru and Wang, Wei-Hao and Ueda, Yoshihiro and Ichikawa, Kohei and Kawaguchi, Toshihiro and Akiyama, Masayuki and Hsieh, Bau-Ching and Kajisawa, Masaru and et al.},
   year={2019},
   month={Jul},
   pages={15}}
  @article{borisova2016ubiquitous,
  title={Ubiquitous Giant Ly$\alpha$ Nebulae around the Brightest Quasars at z~ 3.5 Revealed with MUSE},
  author={Borisova, Elena and Cantalupo, Sebastiano and Lilly, Simon J and Marino, Raffaella A and Gallego, Sofia G and Bacon, Roland and Blaizot, Jeremy and Bouch{\'e}, Nicolas and Brinchmann, Jarle and Carollo, C Marcella and others},
  journal={The Astrophysical Journal},
  volume={831},
  number={1},
  pages={39},
  year={2016},
  publisher={IOP Publishing}}
  @article{Cantalupo2005Fluorescent,
  title={Fluorescent Ly-alpha emission from the high-redshift intergalactic medium},
  author={Cantalupo, Sebastiano and Porciani, Cristiano and Lilly, Simon J. and Miniati, Francesco},
  journal={Astrophysical Journal},
  volume={628},
  number={1},
  pages={págs. 61-75},
  year={2005}}
  @article{Arrigoni_Battaia_2018,
   title={QSO MUSEUM I: a sample of 61 extended Ly α-emission nebulae surroundingz∼ 3 quasars},
   volume={482},
   ISSN={1365-2966},
   url={http://dx.doi.org/10.1093/mnras/sty2827},
   DOI={10.1093/mnras/sty2827},
   number={3},
   journal={Monthly Notices of the Royal Astronomical Society},
   publisher={Oxford University Press (OUP)},
   author={Arrigoni Battaia, Fabrizio and Hennawi, Joseph F and Prochaska, J Xavier and Oñorbe, Jose and Farina, Emanuele P and Cantalupo, Sebastiano and Lusso, Elisabeta},
   year={2018},
   month={Oct},
   pages={3162–3205}}
  @unpublished{qiongli2020,
  title={aab},
  author={Li, Qiong and aa,cc and bb, dd},
  year={2020},
  note={in prep}}
  @article{Silva_1998,
	doi = {10.1086/306476},
	url = {https://doi.org/10.1086%2F306476},
	year = 1998,
	month = {dec},
	publisher = {{IOP} Publishing},
	volume = {509},
	number = {1},
	pages = {103--117},
	author = {Laura Silva and Gian Luigi Granato and Alessandro Bressan and Luigi Danese},
	title = {Modeling the Effects of Dust on Galactic Spectral Energy Distributions from the Ultraviolet to the Millimeter Band},
	journal = {The Astrophysical Journal}}

	